@misc{CMS-TDR-012,
title={CMS Technical Design Report for the Level-1 Trigger Upgrade},
url={https://cds.cern.ch/record/1556311},
journal={CERN Document Server},
author={The CMS Collaboration},
year={2013}, month={Jun}
}
